@article{cavnar1994n,
    title={N-gram-based text categorization},
    author={Cavnar, William B and Trenkle, John M and others},
    journal={Ann Arbor MI},
    volume={48113},
    number={2},
    pages={161--175},
    year={1994},
    publisher={Citeseer}
}